@book{Fitzgerald2008,
address = {Porto Alegre},
author = {Fitzgerald, A. E. and {Kingsley Jr}, Charles and Umans, Stephen D.},
pages = {648},
publisher = {Bookman},
title = {{M{\'{a}}quinas El{\'{e}}tricas}},
year = {2008}
}
@misc{Meeker2014,
author = {Meeker, David},
file = {:C$\backslash$:/Users/Daniel/Documents/Mendeley Desktop/Unknown/Meeker/2014 - Meeker - Finite Element Method Magnetics - User's Manual (v4.2).pdf:pdf},
title = {{Finite Element Method Magnetics - User's Manual (v4.2)}},
url = {http://www.femm.info/Archives/doc/manual42.pdf},
year = {2014}
}
